%% LaTeX2e file `MAIN.bib'
%% generated by the `filecontents' environment
%% from source `MAIN' on 2025/07/19.
%%
@inproceedings{
chan_affine_2024,
title={On Affine Homotopy between Language Encoders},
author={Robin Chan and Reda Boumasmoud and Anej Svete and Yuxin Ren and Qipeng Guo and Zhijing Jin and Shauli Ravfogel and Mrinmaya Sachan and Bernhard Sch{\"o}lkopf and Mennatallah El-Assady and Ryan Cotterell},
booktitle={The Thirty-eighth Annual Conference on Neural Information Processing Systems},
year={2024},
url={https://openreview.net/forum?id=FTpOwIaWUz}
}

